 @article{ar1, title={Global cancer statistics 2020: Globocan estimates of incidence and mortality worldwide for 36 cancers in 185 countries}, volume={71}, DOI={10.3322/caac.21660}, number={3}, journal={CA: A Cancer Journal for Clinicians}, author={Sung, Hyuna and Ferlay, Jacques and Siegel, Rebecca L. and Laversanne, Mathieu and Soerjomataram, Isabelle and Jemal, Ahmedin and Bray, Freddie}, year={2021}, pages={209–249}} 

@article{ar2,
  title={Cancer cervix: Epidemiology and disease burden},
  author={Pimple, Sharmila and Mishra, Gauravi},
  journal={Cytojournal},
  volume={19},
  year={2022},
  publisher={Cytopathology Foundation, Inc.}
}

@book{b1,
  title={Human Papillomavirus and Related Diseases in Bangladesh. Summary Report 22 October 2021.},
  author={Bruni L, Albero G, Serrano B, Mena M, Collado JJ, Gómez D, Muñoz J, Bosch FX, de Sanjosé S},
  year={2021},
  publisher={ICO/IARC Information Centre on HPV and Cancer (HPV Information Centre)}
}

@inproceedings{ar3,
  title={SIPAKMED: A new dataset for feature and image based classification of normal and pathological cervical cells in Pap smear images},
  author={Plissiti, Marina E and Dimitrakopoulos, Panagiotis and Sfikas, Giorgos and Nikou, Christophoros and Krikoni, O and Charchanti, Antonia},
  booktitle={2018 25th IEEE International Conference on Image Processing (ICIP)},
  pages={3144--3148},
  year={2018},
  organization={IEEE}
}

@article{ar4,
  title={An automatic mass screening system for cervical cancer detection based on convolutional neural network},
  author={-Rehman, Aziz-ur and Ali, Nabeel and Taj, Imtiaz A and Sajid, Muhammad and Karimov, Khasan S},
  journal={Mathematical Problems in Engineering},
  volume={2020},
  pages={1--14},
  year={2020},
  publisher={Hindawi Limited}
}

@article{ar5,
  title={Federated learning for multi-center imaging diagnostics: a simulation study in cardiovascular disease},
  author={Linardos, Akis and Kushibar, Kaisar and Walsh, Sean and Gkontra, Polyxeni and Lekadir, Karim},
  journal={Scientific Reports},
  volume={12},
  number={1},
  pages={3551},
  year={2022},
  publisher={Nature Publishing Group UK London}
} 

@inproceedings{ar6,
  title={Multi-institutional deep learning modeling without sharing patient data: A feasibility study on brain tumor segmentation},
  author={Sheller, Micah J and Reina, G Anthony and Edwards, Brandon and Martin, Jason and Bakas, Spyridon},
  booktitle={Brainlesion: Glioma, Multiple Sclerosis, Stroke and Traumatic Brain Injuries: 4th International Workshop, BrainLes 2018, Held in Conjunction with MICCAI 2018, Granada, Spain, September 16, 2018, Revised Selected Papers, Part I 4},
  pages={92--104},
  year={2019},
  organization={Springer}
}

@article{ar7,
  title={An assisted diagnosis model for cancer patients based on federated learning},
  author={Ma, Zezhong and Zhang, Meng and Liu, Jiajia and Yang, Aimin and Li, Hao and Wang, Jian and Hua, Dianbo and Li, Mingduo},
  journal={Frontiers in Oncology},
  pages={713},
  year={2022},
  publisher={Frontiers}
}

@article{ar8,
  title={Federated learning enables big data for rare cancer boundary detection},
  author={Pati, Sarthak and Baid, Ujjwal and Edwards, Brandon and Sheller, Micah and Wang, Shih-Han and Reina, G Anthony and Foley, Patrick and Gruzdev, Alexey and Karkada, Deepthi and Davatzikos, Christos and others},
  journal={Nature communications},
  volume={13},
  number={1},
  pages={7346},
  year={2022},
  publisher={Nature Publishing Group UK London}
}

@inproceedings{ar9,
  title={Privacy-preserving federated brain tumour segmentation},
  author={Li, Wenqi and Milletar{\`\i}, Fausto and Xu, Daguang and Rieke, Nicola and Hancox, Jonny and Zhu, Wentao and Baust, Maximilian and Cheng, Yan and Ourselin, S{\'e}bastien and Cardoso, M Jorge and others},
  booktitle={Machine Learning in Medical Imaging: 10th International Workshop, MLMI 2019, Held in Conjunction with MICCAI 2019, Shenzhen, China, October 13, 2019, Proceedings 10},
  pages={133--141},
  year={2019},
  organization={Springer}
}

@article{ar10,
  title={Federated learning and differential privacy for medical image analysis},
  author={Adnan, Mohammed and Kalra, Shivam and Cresswell, Jesse C and Taylor, Graham W and Tizhoosh, Hamid R},
  journal={Scientific reports},
  volume={12},
  number={1},
  pages={1953},
  year={2022},
  publisher={Nature Publishing Group UK London}
}

@article{ar11,
  title={Secure, privacy-preserving and federated machine learning in medical imaging},
  author={Kaissis, Georgios A and Makowski, Marcus R and R{\"u}ckert, Daniel and Braren, Rickmer F},
  journal={Nature Machine Intelligence},
  volume={2},
  number={6},
  pages={305--311},
  year={2020},
  publisher={Nature Publishing Group UK London}
}

@article{ar12,
  title={Cervical cancer classification using convolutional neural networks and extreme learning machines},
  author={Ghoneim, Ahmed and Muhammad, Ghulam and Hossain, M Shamim},
  journal={Future Generation Computer Systems},
  volume={102},
  pages={643--649},
  year={2020},
  publisher={Elsevier}
}

@inproceedings{ar13,
  title={Cervical Cancer Detection and Classification in Cytology Images Using a Hybrid Approach},
  author={Silva, Eduardo L and Sampaio, Ana Filipa and Teixeira, Lu{\'\i}s F and Vasconcelos, Maria Jo{\~a}o M},
  booktitle={Advances in Visual Computing: 16th International Symposium, ISVC 2021, Virtual Event, October 4-6, 2021, Proceedings, Part II},
  pages={299--312},
  year={2021},
  organization={Springer}
}

@inproceedings{ar14,
  title={Classification of cervical-cancer using pap-smear images: a convolutional neural network approach},
  author={Taha, Bilal and Dias, Jorge and Werghi, Naoufel},
  booktitle={Medical Image Understanding and Analysis: 21st Annual Conference, MIUA 2017, Edinburgh, UK, July 11--13, 2017, Proceedings 21},
  pages={261--272},
  year={2017},
  organization={Springer}
}

@article{ar15,
  title={Cervical cancer detection in pap smear whole slide images using convnet with transfer learning and progressive resizing},
  author={Bhatt, Anant R and Ganatra, Amit and Kotecha, Ketan},
  journal={PeerJ Computer Science},
  volume={7},
  pages={e348},
  year={2021},
  publisher={PeerJ Inc.}
}

@article{ar16,
  title={Automated detection and classification of cervical cancer using pap smear microscopic images: a comprehensive review and future perspectives},
  author={Shanthi, PB and Hareesha, KS and Kudva, Ranjini},
  journal={Engineered Science},
  volume={19},
  pages={20--41},
  year={2022},
  publisher={Engineered Science Publisher}
}

@article{ar17,
  title={Federated learning in a medical context: A systematic literature review},
  author={Pfitzner, Bjarne and Steckhan, Nico and Arnrich, Bert},
  journal={ACM Transactions on Internet Technology (TOIT)},
  volume={21},
  number={2},
  pages={1--31},
  year={2021},
  publisher={ACM New York, NY}
}

@article{ar18,
  title={Federated learning in a medical context: A systematic literature review},
  author={Pfitzner, Bjarne and Steckhan, Nico and Arnrich, Bert},
  journal={ACM Transactions on Internet Technology (TOIT)},
  volume={21},
  number={2},
  pages={1--31},
  year={2021},
  publisher={ACM New York, NY}
}

@inproceedings{ar19,
  title={Chain fl: Decentralized federated machine learning via blockchain},
  author={Korkmaz, Caner and Kocas, Halil Eralp and Uysal, Ahmet and Masry, Ahmed and Ozkasap, Oznur and Akgun, Baris},
  booktitle={2020 Second international conference on blockchain computing and applications (BCCA)},
  pages={140--146},
  year={2020},
  organization={IEEE}
}

@article{ar20,
  title={Cross-Silo Federated Learning: Challenges and Opportunities},
  author={Huang, Chao and Huang, Jianwei and Liu, Xin},
  journal={arXiv preprint arXiv:2206.12949},
  year={2022}
}

@misc{ar21, title={Federated learning}, url={https://en.wikipedia.org/wiki/Federated_learning}, journal={Wikipedia}, publisher={Wikimedia Foundation}, year={2023}, month={Feb}} 

@article{ar22,
  title={Lightgbm: A highly efficient gradient boosting decision tree},
  author={Ke, Guolin and Meng, Qi and Finley, Thomas and Wang, Taifeng and Chen, Wei and Ma, Weidong and Ye, Qiwei and Liu, Tie-Yan},
  journal={Advances in neural information processing systems},
  volume={30},
  year={2017}
}

@inproceedings{ar23,
  title={Parallel boosted regression trees for web search ranking},
  author={Tyree, Stephen and Weinberger, Kilian Q and Agrawal, Kunal and Paykin, Jennifer},
  booktitle={Proceedings of the 20th international conference on World wide web},
  pages={387--396},
  year={2011}
}

@article{ar24,
  title={A SVM based classification method for homogeneous data},
  author={Li, Huan and Chung, Fu-lai and Wang, Shitong},
  journal={Applied Soft Computing},
  volume={36},
  pages={228--235},
  year={2015},
  publisher={Elsevier}
}

@inproceedings{ar25,
  title={Flight arrival delay prediction using gradient boosting classifier},
  author={Chakrabarty, Navoneel and Kundu, Tuhin and Dandapat, Sudipta and Sarkar, Apurba and Kole, Dipak Kumar},
  booktitle={Emerging Technologies in Data Mining and Information Security: Proceedings of IEMIS 2018, Volume 2},
  pages={651--659},
  year={2019},
  organization={Springer}
}

@article{ar26,
  title={Adaptive histogram-based gradient boosted trees for federated learning},
  author={Ong, Yuya Jeremy and Zhou, Yi and Baracaldo, Nathalie and Ludwig, Heiko},
  journal={arXiv preprint arXiv:2012.06670},
  year={2020}
}

@inproceedings{ar27,
  title={An analysis of machine learning techniques (J48 \& AdaBoost)-for classification},
  author={Pandey, Poonam and Prabhakar, Radhika},
  booktitle={2016 1st India International Conference on Information Processing (IICIP)},
  pages={1--6},
  year={2016},
  organization={IEEE}
}

@article{ar28,
  title={Artificial neural networks (the multilayer perceptron)—a review of applications in the atmospheric sciences},
  author={Gardner, Matt W and Dorling, SR},
  journal={Atmospheric environment},
  volume={32},
  number={14-15},
  pages={2627--2636},
  year={1998},
  publisher={Elsevier}
}

@inproceedings{ar29,
  title={SIPAKMED: A new dataset for feature and image based classification of normal and pathological cervical cells in Pap smear images},
  author={Plissiti, Marina E and Dimitrakopoulos, Panagiotis and Sfikas, Giorgos and Nikou, Christophoros and Krikoni, O and Charchanti, Antonia},
  booktitle={2018 25th IEEE International Conference on Image Processing (ICIP)},
  pages={3144--3148},
  year={2018},
  organization={IEEE}
}